

@IEEEtranBSTCTL{IEEEexample:BSTcontrol,
	CTLuse_article_number    = "yes",
	CTLuse_paper             = "yes",
	CTLuse_url               = "yes",
	CTLuse_forced_etal       = "no",
	CTLmax_names_forced_etal = "10",
	CTLnames_show_etal       = "3",
	CTLuse_alt_spacing       = "yes",
	CTLalt_stretch_factor    = "4",
	CTLdash_repeated_names   = "yes",
	CTLname_format_string    = "{ff~}{vv~}{ll}{, jj}",
	CTLname_latex_cmd        = " ",
	CTLname_url_prefix       = "[en línea]. Disponible:"
}

%   "{f. ?}{vv~?}{ll}{,jj}"   (como originalmente estaba)
% "{ff~}{vv~}{ll}{, jj}"   (a lo que se corrigió)
% "{vv~}{ll}{, f.}{, jj}"   (opción aún no probada)

% numero 1
@Book{Angel,    
author = {P. P. Ángel Geovanny, J. L. Jaramillo Vicuña.},
year = {2018},
title = {Implementación de un sistema de monitoreo y control inalámbrico para el funcionamiento del cuarto de enfriamiento de la planta de cárnicos de la Facultad de Ciencias Pecuarias de la Escuela Superior Politécnica de Chimborazo.},
publisher = {Escuela superior politecnica de chimborazo},
url = {http://dspace.espoch.edu.ec/handle/123456789/10495},
}

% numero 2
@Book{Cobian,
author = {G. Cobián De La Cruz, G. I. Gutierrez Pesantes, G. Oliveros y W. Símpalo Lopez.},
year = {2015},
title = {Monitoreo y mejora del sistema de tratamiento de efluentes industriales para el cumplimiento de los límites máximos permisibles en la empresa de conservas de pescado.},
publisher = {Universidad Cesar Vallejo},
url = {https://revistas.ucv.edu.pe/index.php/ingnosis/article/view/1614},
}


% numero 3
@Book{Dorian,
author = {Dorian Mora-Sánchez, Luis Guerrero-Marín.},
year = {2018},
title = {Industria 4.0: el reto en la ruta hacia las organizaciones digitales.},
publisher = {Universidad UTE (Quito, Ecuador)},
url = {https://dialnet.unirioja.es/servlet/articulo?codigo=8281237},
}


% numero 4
@Article{Salvador,
  author    = {Jonathan Salvador López López and Jesús Enrique Ramírez Morales and Francisco Javier Cervantes Vallejo and Karla Camarillo Gómez and José Francisco Louvier Hernández and Carolina Hernández Navarro},
  title     = {Reducción del tiempo de ciclo en un molde de inyección de plásticos implementando sistemas de enfriamiento con sección transversal circular y rectangular},
  journal   = {Pistas Educativas},
  year      = {2019},
  url       = {https://pistaseducativas.celaya.tecnm.mx/index.php/pistas/article/view/1663},
  note      = {Consulta: 21 marzo 2025}
}

% numero 5
@Book{Shuai,
author = {Shuai Zheng ; Xiong DuJun Zhang ; Yaoyi Yu},
year = {2019},
title = {Monitoreo del sistema de enfriamiento mediante parámetros térmicos},
url       = {https://ieeexplore.ieee.org/document/8844653},
publisher = {IEEE Xplore},
volumen = {7}
}
% numero 6
@Article{Leo,
  author    = {Leonardo Javier Ibañez, Martín Agüero},
  title     = {SISTEMAS EXPERTOS: Fundamentos, Metodologías y Aplicaciones},
  journal   = {Ciencia y tecnologia},
  year      = {2013},
  url       = {https://dspace.palermo.edu/ojs/index.php/cyt/article/view/122},
  note      = {Consulta: 23 de marzo 2025}
}
% numero 7
@Book{Raul,
author = {Raúl Pino Díez, Alberto Gómez Gómez, Nicolás de Abajo Martínez},
year = {2001},
title = {Introducción a la inteligencia artificial: sistemas expertos, redes neuronales artificiales y computación evolutiva},
url       = {https://books.google.com.py/books?id=RKqLMCw3IUkC&printsec=frontcover&hl=es#v=onepage&q&f=false},
publisher = {Universidad de Oviedo, servicio de publicaciones},

}

% numero 8
@Book{Luis,
author = {Luis Bilurbina, Francisco Liesa},
year = {1990},
title = {Materiales no Metalicos Resistentes a la Corrocion},
url       = {https://books.google.co.ve/books?id=DzVLB11fofUC&printsec=frontcover#v=onepage&q&f=false},
publisher = {Marcombo S.A.},
volumen = {}
}
% numero 9
@Article{Zamo,
  author    = {Zamora-Medina, Janeth Roxana; Briones-Rezabale, Luis Rene; Arteaga-Linzan, Ángel Rafael  y  Rodrigues-Ramos, Pedro A.},
  title     = {Determinación de la disponibilidad de un sistema de refrigeración industrial para la industria atunera.},
  journal   = {Scielo},
  year      = {2025},
  url       = {http://scielo.sld.cu/scielo.php?pid=S1815-59442022000200001&script=sci_abstract&tlng=es},
  note      = {Consulta: 23 de marzo 2025}
}

% numero 10
@Book{Nava,
author = {Navarrete Enderica, Victor Alejandro.},
year = {2020},
title = {Diseño de sistema de control automatizado y utilización de software para la monitorización remota de equipos de refrigeración industrial de bajo costo, en la industria de conservación de medicamentos.},
publisher = {Universidad Católica de Santiago de Guayaquil},
url = {http://repositorio.ucsg.edu.ec/handle/3317/14715},
}


% numero 11
@Book{Lema,
author = {Sara Judith Ríos, Reyes Lema, Oscar Leonardo.},
year = {2019},
title = {Automatización de sistema de refrigeración de un edificio (chiller 270 tons) con sistema de alarma via gsm y encendido automático en caso de elevación de temperatura en centro de computo.},
publisher = {Espol},
url = {https://www.dspace.espol.edu.ec/handle/123456789/46969},
}

% numero 12
@Book{Var,
author = {Vargas Chavarro, David Alejandro, Rincón Aristizabal, Luis Felipe.},
year = {2018},
title = { Sistema de detección y diagnóstico de fallas de un proceso térmico mediante inteligencia artificial},
publisher = {Universidad Distrital Francisco José de Caldas},
url = {https://repository.udistrital.edu.co/items/3e94a81b-88fd-42ef-9615-e0adb7d4b3d6},
}


% numero 13
@Article{K,
  author    = {Corporativo},
  title     = {PHP vs Python: Una Comparación Detallada Entre los Dos Lenguajes},
  journal   = {Kisnta},
  year      = {2025},
  url       = {https://kinsta.com/es/blog/php-vs-python/},
  note      = {consulta 26 de marzo 2025}
}

% numero 14
@Article{B,
  author    = {Blog},
  title     = {Python vs Java},
  journal   = {Openwebinars},
  year      = {2025},
  url       = {https://openwebinars.net/blog/python-vs-java-cual-es-mejor-para-tu-proyecto/},
  note      = {consulta 26 de marzo 2025}
}

% numero 15
@Article{15,
  author    = {Documentacion php},
  title     = {Que es php?},
  journal   = {php},
  year      = {2025},
  url       = {https://www.php.net/manual/es/intro-whatis.php},
  note      = {consulta 26 de marzo 2025}
}

% numero 16
@Article{go,
  author    = {Corpotarivo},
  title     = {google trends},
  journal   = {google},
  year      = {2025},
  url       = {https://trends.google.es/trends/},
  note      = {consulta 26 de marzo 2025}
}

% numero 17
@Article{to,
  author    = {Corporativo},
  title     = {Organizacion TIOBE},
  journal   = {tiobe},
  year      = {2025},
  url       = {https://www.tiobe.com/tiobe-index/},
  note      = {consulta 26 de marzo 2025}
}
% numrto 18
@Article{Bl,
  author    = {Blog tecnologico},
  title     = {Características principales de Python},
  journal   = {EPITECH},
  year      = {2025},
  url       = {https://www.epitech-it.es/caracteristicas-de-python/},
  note      = {consulta 26 de marzo 2025}
}

% numrto 19
@Article{Tec,
  author    = {Blog tecnologico},
  title     = {Caracteristicas de java},
  journal   = {rockcontent},
  year      = {2025},
  url       = {https://rockcontent.com/es/blog/que-es-java/},
  note      = {consulta 26 de marzo 2025}
}

% numrto 20
@Article{ph,
  author    = {Blog tecnologico},
  title     = {Caracteristicas de php},
  journal   = {Deusto Formacion},
  year      = {2025},
  url       = {https://www.deustoformacion.com/blog/programacion-tic/7-caracteristicas-lenguaje-php-que-lo-convierten-uno-mas-potentes},
  note      = {consulta 26 de marzo 2025}
}
% numrto 21
@Article{doc,
  author    = {postgresql},
  title     = {Documentacion},
  journal   = {PostgreSQL},
  year      = {2025},
  url       = {https://www.postgresql.org/docs/},
  note      = {consulta 26 de marzo 2025}
}